% This is BurstingBubble.bib v1.0 08/14/02
%
%% Physical Review Journals
@STRING(PRL="Phys.\ Rev.\ Lett.")
@string{prl = "Phys. Rev. Lett." }
@STRING(PRA="Phys.\ Rev.\ A")
@string{pra = "Phys. Rev. A" }
@STRING(PRE="Phys.\ Rev.\ E")
@string{pre = "Phys. Rev. E" }
@STRING(PRF="Phys.\ Rev.\ Fluids")
@string{prf = "Phys. Rev. Fluids" }
%% European Journals
@STRING(EPJE="Eur.\ Phys.\ J E")
@STRING(EPL="Europhys.\ Lett.")
@string{epjst = "Eur. Phys. J. Spec. Top." }
@STRING(RMP="Rev.\ Mod.\ Phys.")
%% Fluids Journals
@string{sm = "Soft Matter" }
@string(pof="Phys.\ Fluids")
@string{jfm= "J. Fluid Mech." }
@string{arfm= "Annu. Rev. Fluid Mech."}
%% Computation journals
@string{jcp = "J. Comput. Phys."}
%% Viscoplastic related
@string{jnnf = "J. Non-Newton. Fluid Mech."}
@string{jvgr = "J. Volcanol. Geoth. Res."}
%% Other important journals
@STRING(PNAS="Proc.\ Natl.\ Acad.\ Sci.\ U.S.A.")
@string(BJ="Biophys.\ J.")
@string{advmat = "Adv. Mat." }
@string{jchrnp = "J. Chem. Phys."}
@string{rce = "Rev. Chem. Eng."}
@string{bb = "Biotechnolo. Bioeng."}
@string{NatCom = "Nat. Commun."}
@string{JournalRheology = "J. Rheol."}
@string{ChemEngJ = "Chem. Eng. J."}
@string{afm = "Adv. Funct. Mater."}
@string{cossms ="Curr. Opin. Solid State Mater. Sci."}
@string{SciRep = "Sci. Rep."}
@string{jgr = "J. Geophys. Res."}
@string{josj = "J. Oceanogr. Soc. Jpn."}
@string{jcs = "J. Colloid Sci."}
@string{MatCompt = "Math. Comput."}
@string{SciAdv ="Sci. Adv."}
@string{crs ="Chem. Soc. Rev."}
@string{acie = "Angew. Chem. Int. Ed."}
@string{jafc = "J. Agric. Food. Chem."}
@string{RheoActa = "Rheol. Acta"}

@article{poulain2018biosurfactants,
	title={Biosurfactants change the thinning of contaminated bubbles at bacteria-laden water interfaces},
	author={Poulain, S. and Bourouiba, L.},
	journal=prl,
	volume={121},
	number={20},
	pages={204502},
	year={2018},
	publisher={APS}
}
@article{bonn2017yield,
	title={Yield stress materials in soft condensed matter},
	author={Bonn, D. and Denn, M. M. and Berthier, L. and Divoux, T. and Manneville, S.},
	journal=RMP,
	volume={89},
	number={3},
	pages={035005},
	year={2017},
	publisher={APS}
}
@article{singh2019numerical,
	title={Numerical investigation of the collapse of a static bubble at the free surface in the presence of neighbors},
	author={Singh, D. and Das, A. K.},
	journal=PRF,
	volume={4},
	number={2},
	pages={023602},
	year={2019},
	publisher={APS}
}
@Misc{basiliskPopinet,
   author={Popinet, S. and collaborators},
   title={Basilisk C},
   howpublished={\url{http://basilisk.fr} (Last accessed: March 31, 2021)},
   year={2013--2021}
}
@Misc{basiliskVatsal,
   author={Sanjay, V.},
   title={Code repository: Bursting Bubble in a Viscoplastic medium},
   howpublished={\url{https://github.com/VatsalSy/BurstingBubbleInViscoplasticMedium} (Last accessed: March 31, 2021)},
   year={2020}
}

@Misc{basiliskVatsalFreeSurface,
	author={Sanjay, V.},
	title={Surface waves on a Bingham liquid free surface},
	howpublished={\url{http://basilisk.fr/sandbox/vatsal/GenaralizedNewtonian/SurfaceWavesBingham.c} (Last accessed: March 31, 2021)},
	year={2018}
}

@Misc{basiliskPopinet2,
	author={Popinet, S. and collaborators},
	title={Basilisk C: surface tension library},
	howpublished={\url{http://basilisk.fr/src/tension.h} (Last accessed: March 31, 2021)},
	year={2013--2021}
}
@article{popinet2015quadtree,
	title={A quadtree-adaptive multigrid solver for the {Serre}--{Green}--{Naghdi} equations},
	author={Popinet, S.},
	journal=jcp,
	volume={302},
	pages={336--358},
	year={2015},
	publisher={Elsevier}
}
@article{popinet2018numerical,
	title={Numerical models of surface tension},
	author={Popinet, S.},
	journal=arfm,
	volume={50},
	pages={49--75},
	year={2018},
	publisher={Annual Reviews}
}
@article{bell1989second,
	title={A second-order projection method for the incompressible Navier-Stokes equations},
	author={Bell, J. B. and Colella, P. and Glaz, H. M.},
	journal=jcp,
	volume={85},
	number={2},
	pages={257--283},
	year={1989},
	publisher={Elsevier}
}
@Article{deike2018dynamics,
	title={Dynamics of jets produced by bursting bubbles},
	author={Deike, L. and Ghabache, E. and Liger-Belair, G. and Das, A. K. and Zaleski, S. and Popinet, S. and S{\'e}on, T.},
	journal=prf,
	volume={3},
	number={1},
	pages={013603},
	year={2018},
	publisher={APS}
}
@Article{duchemin2002jet,
	title={Jet formation in bubbles bursting at a free surface},
	author={Duchemin, L. and Popinet, S. and Josserand, C. and Zaleski, S.},
	journal=pof,
	volume={14},
	number={9},
	pages={3000--3008},
	year={2002},
	publisher={AIP}
}
@Article{lhuissier2012bursting,
	title={Bursting bubble aerosols},
	author={Lhuissier, H. and Villermaux, E.},
	journal=jfm,
	volume={696},
	pages={5--44},
	year={2012},
	publisher={Cambridge University Press}
}
@Article{balmforth2014yielding,
	title={Yielding to stress: recent developments in viscoplastic fluid mechanics},
	author={Balmforth, N. J. and Frigaard, I. A. and Ovarlez, G.},
	journal=arfm,
	volume={46},
	pages={121--146},
	year={2014},
	publisher={Annual Reviews}
}
@Article{coussot2014yield,
	title={Yield stress fluid flows: A review of experimental data},
	author={Coussot, P.},
	journal=jnnf,
	volume={211},
	pages={31--49},
	year={2014},
	publisher={Elsevier}
}
@Article{bird1983rheology,
	title={The rheology and flow of viscoplastic materials},
	author={Bird, R. B. and Dai, G. C. and Yarusso, B. J.},
	journal=rce,
	volume={1},
	number={1},
	pages={1--70},
	year={1983},
	publisher={De Gruyter}
}
@Article{barnes1999yield,
	title={The yield stress—a review or ‘$\pi$$\alpha$$\nu$$\tau$$\alpha$ $\rho$$\varepsilon$$\iota$’—everything flows?},
	author={Barnes, H. A.},
	journal=jnnf,
	volume={81},
	number={1-2},
	pages={133--178},
	year={1999},
	publisher={Elsevier}
}
@Book{campbell2016bubbles,
	title={Bubbles in food 2},
	author={Campbell, G. M.},
	year={2016},
	publisher={Elsevier}
}
@Article{blanch1976non,
	title={Non-Newtonian fermentation broths: Rheology and mass transfer},
	author={Blanch, H. W. and Bhavaraju, S. M.},
	journal=bb,
	volume={18},
	number={6},
	pages={745--790},
	year={1976},
	publisher={Wiley Online Library}
}
@Article{tran2015bubble,
	title={Bubble mobility in mud and magmatic volcanoes},
	author={Tran, A. and Rudolph, M. L and Manga, M.},
	journal=jvgr,
	volume={294},
	pages={11--24},
	year={2015},
	publisher={Elsevier}
}
@Article{gonnermann2007fluid,
	title={The fluid mechanics inside a volcano},
	author={Gonnermann, H. M. and Manga, M.},
	journal=arfm,
	volume={39},
	pages={321--356},
	year={2007},
	publisher={Annual Reviews}
}
@Article{gordillo2019capillary,
	title={Capillary waves control the ejection of bubble bursting jets},
	author={Gordillo, J. M. and Rodr{\'\i}guez-Rodr{\'\i}guez, J.},
	journal=jfm,
	volume={867},
	pages={556--571},
	year={2019},
	publisher={Cambridge University Press}
}
@Article{ganan2017revision,
	title={Revision of bubble bursting: Universal scaling laws of top jet drop size and speed},
	author={Ga{\~n}{\'a}n-Calvo, A. M.},
	journal=prl,
	volume={119},
	number={20},
	pages={204502},
	year={2017},
	publisher={APS}
}
@Book{tryggvason2011direct,
	title={Direct numerical simulations of gas--liquid multiphase flows},
	author={Tryggvason, G. and Scardovelli, R. and Zaleski, S.},
	year={2011},
	publisher={Cambridge University Press}
}
@article{popinet2003gerris,
	title={Gerris: a tree-based adaptive solver for the incompressible Euler equations in complex geometries},
	author={Popinet, S.},
	journal=jcp,
	volume={190},
	number={2},
	pages={572--600},
	year={2003},
	publisher={Elsevier}
}
@article{popinet2009accurate,
	title={An accurate adaptive solver for surface-tension-driven interfacial flows},
	author={Popinet, S.},
	journal=jcp,
	volume={228},
	number={16},
	pages={5838--5866},
	year={2009},
	publisher={Elsevier}
}
@Article{boulton1993gas,
	title={Gas bubbles bursting at a free surface},
	author={Boulton-Stone, J. M. and Blake, J. R.},
	journal=jfm,
	volume={254},
	pages={437--466},
	year={1993},
	publisher={Cambridge University Press}
}
@Article{longuet1995critical,
	title={Critical microjets in collapsing cavities},
	author={Longuet-Higgins, M. S. and Oguz, H.},
	journal=jfm,
	volume={290},
	pages={183--201},
	year={1995},
	publisher={Cambridge University Press}
}
@Article{walls2015jet,
	title={Jet drops from bursting bubbles: How gravity and viscosity couple to inhibit droplet production},
	author={Walls, P. L. L. and Henaux, L. and Bird, J. C.},
	journal=pre,
	volume={92},
	number={2},
	pages={021002},
	year={2015},
	publisher={APS}
}
@article{brackbill1992continuum,
	title={A continuum method for modeling surface tension},
	author={Brackbill, J. U. and Kothe, D. B. and Zemach, C.},
	journal=JCP,
	volume={100},
	number={2},
	pages={335--354},
	year={1992},
	publisher={Elsevier}
}
@article{chorin1968numerical,
	title={Numerical solution of the Navier-Stokes equations},
	author={Chorin, A. J.},
	journal=MatCompt,
	volume={22},
	number={104},
	pages={745--762},
	year={1968}
}
@Article{mason1954bursting,
	title={Bursting of air bubbles at the surface of sea water},
	author={Mason, B. J.},
	journal={Nature},
	volume={174},
	number={4427},
	pages={470},
	year={1954},
	publisher={Nature Publishing Group}
}
@Article{princen1963shape,
	title={Shape of a fluid drop at a liquid-liquid interface},
	author={Princen, H. M.},
	journal=jcs,
	volume={18},
	number={2},
	pages={178--195},
	year={1963},
	publisher={Elsevier}
}
@Article{zeff2000singularity,
	title={Singularity dynamics in curvature collapse and jet eruption on a fluid surface},
	author={Zeff, B. W. and Kleber, B. and Fineberg, J. and Lathrop, D. P.},
	journal={Nature},
	volume={403},
	number={6768},
	pages={401},
	year={2000},
	publisher={Nature Publishing Group}
}
@Article{walls2017quantifying,
	title={Quantifying the potential for bursting bubbles to damage suspended cells},
	author={Walls, P. L. L. and McRae, O. and Natarajan, V. and Johnson, C. and Antoniou, C. and Bird, J. C.},
	journal=SciRep,
	volume={7},
	number={1},
	pages={15102},
	year={2017},
	publisher={Nature Publishing Group}
}
@Article{ghabache2014physics,
	title={On the physics of fizziness: How bubble bursting controls droplets ejection},
	author={Ghabache, E. and Antkowiak, A. and Josserand, C. and S{\'e}on, T.},
	journal=pof,
	volume={26},
	number={12},
	pages={121701},
	year={2014},
	publisher={AIP Publishing}
}
@Article{ghabache2016size,
	title={Size of the top jet drop produced by bubble bursting},
	author={Ghabache, E. and S{\'e}on, T.},
	journal=prf,
	volume={1},
	number={5},
	pages={051901},
	year={2016},
	publisher={APS}
}
@Article{toba1959drop,
	title={Drop production by bursting of air bubbles on the sea surface (II) theoretical study on the shape of floating bubbles},
	author={Toba, Y.},
	journal=josj,
	volume={15},
	number={3},
	pages={121--130},
	year={1959},
	publisher={The Oceanographic Society of Japan}
}
@Article{macintyre1972flow,
	title={Flow patterns in breaking bubbles},
	author={MacIntyre, F.},
	journal=jgr,
	volume={77},
	number={27},
	pages={5211--5228},
	year={1972},
	publisher={Wiley Online Library}
}
@Article{ghabache2016evaporation,
	title={Evaporation of droplets in a Champagne wine aerosol},
	author={Ghabache, E. and Liger-Belair, G. and Antkowiak, A. and S{\'e}on, T.},
	journal=SciRep,
	volume={6},
	pages={25148},
	year={2016},
	publisher={Nature Publishing Group}
}
@article{san2011size,
	title={Size limits the formation of liquid jets during bubble bursting},
	author={San Lee, J. and Weon, B. M. and Park, S. J. and Je, J. H and Fezzaa, K. and Lee, W.-K.},
	journal=NatCom,
	volume={2},
	number={1},
	pages={1--7},
	year={2011},
	publisher={Nature Publishing Group}
}
@article{wildeman2016spreading,
	title={On the spreading of impacting drops},
	author={Wildeman, S. and Visser, C. W. and Sun, C. and Lohse, D.},
	journal=jfm,
	volume={805},
	pages={636--655},
	year={2016},
	publisher={Cambridge University Press}
}
@article{hewitt2018viscoplastic,
	title={Viscoplastic slender-body theory},
	author={Hewitt, D. R. and Balmforth, N. J.},
	journal=jfm,
	volume={856},
	pages={870--897},
	year={2018},
	publisher={Cambridge University Press}
}

@article{jalaal2021spreading,
	title={Spreading of viscoplastic droplets},
	author={Jalaal, Maziyar and Stoeber, Boris and Balmforth, Neil J},
	journal=jfm,
	volume={914},
	year={2021},
	publisher={Cambridge University Press}
}

@article{jalaal2019laser,
  title={Laser-induced forward transfer of viscoplastic fluids},
  author={Jalaal, M. and Schaarsberg, M. K. and Visser, C.-W. and Lohse, D.},
  journal=jfm,
  volume={880},
  pages={497--513},
  year={2019},
  publisher={Cambridge University Press}
}

@article{nelson2019designing,
  title={Designing and transforming yield-stress fluids},
  author={Nelson, A. Z. and Schweizer, K. S. and Rauzan, B. M. and Nuzzo, R. G. and Vermant, J. and Ewoldt, R. H.},
  journal=cossms,
  volume={23},
  number={5},
  pages={100758},
  year={2019},
  publisher={Elsevier}
}

@article{rauzan2018particle,
  title={Particle-Free Emulsions for 3D Printing Elastomers},
  author={Rauzan, B. M. and Nelson, A. Z. and Lehman, S. E. and Ewoldt, R. H. and Nuzzo, R. G.},
  journal=afm,
  volume={28},
  number={21},
  pages={1707032},
  year={2018},
  publisher={Wiley Online Library}
}

@article{krishnan2017scaling,
	title={On the scaling of jetting from bubble collapse at a liquid surface},
	author={Krishnan, S. and Hopfinger, E. J. and Puthenveettil, B. A.},
	journal=jfm,
	volume={822},
	pages={791},
	year={2017},
	publisher={Cambridge University Press}
}

@article{dubash2004conditions,
  title={Conditions for static bubbles in viscoplastic fluids},
  author={Dubash, N. and Frigaard, I.},
  journal=pof,
  volume={16},
  number={12},
  pages={4319--4330},
  year={2004},
  publisher={American Institute of Physics}
}

@article{sun2020dynamic,
  title={A dynamic model for predicting the geometry of bubble entrapped in yield stress fluid},
  author={Sun, B. and Pan, S. and Zhang, J. and Zhao, X. and Zhao, Y. and Wang, Z.},
  journal=ChemEngJ,
  volume={391},
  pages={123569},
  year={2020},
  publisher={Elsevier}
}

@article{de2019oscillations,
  title={Oscillations of small bubbles and medium yielding in elastoviscoplastic fluids},
  author={De Corato, M. and Saint-Michel, B. and Makrigiorgos, G. and Dimakopoulos, Y. and Tsamopoulos, J. and Garbin, V.},
  journal=prf,
  volume={4},
  number={7},
  pages={073301},
  year={2019},
  publisher={APS}
}


@article{sikorski2009motion,
  title={Motion and shape of bubbles rising through a yield-stress fluid},
  author={Sikorski, D. and Tabuteau, H. and de Bruyn, J. R.},
  journal=jnnf,
  volume={159},
  number={1-3},
  pages={10--16},
  year={2009},
  publisher={Elsevier}
}

@article{tripathi2015bubble,
  title={Bubble rise dynamics in a viscoplastic material},
  author={Tripathi, M. K. and Sahu, K. C. and Karapetsas, G. and Matar, O. K.},
  journal=jnnf,
  volume={222},
  pages={217--226},
  year={2015},
  publisher={Elsevier}
}

@article{lopez2018rising,
  title={Rising bubbles in yield stress materials},
  author={Lopez, W. F. and Naccache, M. F. and de Souza Mendes, P. R.},
  journal=JournalRheology,
  volume={62},
  number={1},
  pages={209--219},
  year={2018},
  publisher={The Society of Rheology}
}

@article{singh2008interacting,
  title={Interacting two-dimensional bubbles and droplets in a yield-stress fluid},
  author={Singh, J. P. and Denn, M. M.},
  journal=pof,
  volume={20},
  number={4},
  pages={040901},
  year={2008},
  publisher={American Institute of Physics}
}

@article{dimakopoulos2013steady,
  title={Steady bubble rise in Herschel--Bulkley fluids and comparison of predictions via the augmented Lagrangian method with those via the Papanastasiou model},
  author={Dimakopoulos, Y. and Pavlidis, M. and Tsamopoulos, J.},
  journal=jnnf,
  volume={200},
  pages={34--51},
  year={2013},
  publisher={Elsevier}
}

@article{tsamopoulos2008steady,
  title={Steady bubble rise and deformation in Newtonian and viscoplastic fluids and conditions for bubble entrapment},
  author={Tsamopoulos, J. and Dimakopoulos, Y. and Chatzidai, N. and Karapetsas, G. and Pavlidis, M.},
  journal=jfm,
  volume={601},
  pages={123},
  year={2008},
  publisher={Cambridge University Press}
}

@article{mougin2012significant,
  title={The significant influence of internal stresses on the dynamics of bubbles in a yield stress fluid},
  author={Mougin, N. and Magnin, A. and Piau, J.-M.},
  journal=jnnf,
  volume={171},
  pages={42--55},
  year={2012},
  publisher={Elsevier}
}

@article{jalaal2016long,
  title={Long bubbles in tubes filled with viscoplastic fluid},
  author={Jalaal, M. and Balmforth, N. J.},
  journal=jnnf,
  volume={238},
  pages={100--106},
  year={2016},
  publisher={Elsevier}
}

@article{laborie2017yield,
	title={Yield-stress fluid deposition in circular channels},
	author={Laborie, Beno{\^\i}t and Rouyer, Florence and Angelescu, Dan E and Lorenceau, Elise},
	journal=jfm,
	volume={818},
	number={2},
	pages={838--851},
	year={2017}
}

@article{zamankhan2018steady,
  title={Steady displacement of long gas bubbles in channels and tubes filled by a Bingham fluid},
  author={Zamankhan, P. and Takayama, S. and Grotberg, J. B.},
  journal=prf,
  volume={3},
  number={1},
  pages={013302},
  year={2018},
  publisher={APS}
}
@article{ramirez2020lifting,
	title={Lifting a sessile oil drop from a superamphiphobic surface with an impacting one},
	author={Ram{\'\i}rez-Soto, O. and Sanjay, V. and Lohse, D. and Pham, J. T. and Vollmer, D.},
	journal=SciAdv,
	volume={6},
	number={34},
	pages={eaba4330},
	year={2020},
	publisher={American Association for the Advancement of Science}
}
@article{liger2008recent,
	title={Recent advances in the science of champagne bubbles},
	author={Liger-Belair, G. and Polidori, G. and Jeandet, P.},
	journal=crs,
	volume={37},
	number={11},
	pages={2490--2511},
	year={2008},
	publisher={Royal Society of Chemistry}
}
@article{bourouiba2021fluid,
	title={The fluid dynamics of disease transmission},
	author={Bourouiba, L.},
	journal=arfm,
	volume={53},
	pages={473--508},
	year={2021},
	publisher={Annual Reviews}
}
@article{lohse2004impact,
	title={Impact on soft sand: void collapse and jet formation},
	author={Lohse, D. and Bergmann, R. and Mikkelsen, R. and Zeilstra, C. and van der Meer, D. and Versluis, M. and van der Weele, K. and van der Hoef, M. and Kuipers, H.},
	journal=prl,
	volume={93},
	number={19},
	pages={198003},
	year={2004},
	publisher={APS}
}
@article{gekle2009high,
	title={High-speed jet formation after solid object impact},
	author={Gekle, Stephan and Gordillo, Jos{\'e} Manuel and van der Meer, Devaraj and Lohse, Detlef},
	journal=prl,
	volume={102},
	number={3},
	pages={034502},
	year={2009},
	publisher={APS}
}
@article{vignes2013fizzling,
  title={The fizzling foam of champagne},
  author={Vignes-Adler, M.},
  journal=acie,
  volume={52},
  number={1},
  pages={187--190},
  year={2013},
  publisher={Wiley Online Library}
}
@article{magnaudet2020particles,
  title={Particles, drops, and bubbles moving across sharp interfaces and stratified layers},
  author={Magnaudet, J. and Mercier, M. J.},
  journal=arfm,
  volume={52},
  pages={61--91},
  year={2020},
  publisher={Annual Reviews}
}
@article{liger2012physics,
  title={The physics behind the fizz in champagne and sparkling wines},
  author={Liger-Belair, G.},
  journal=epjst,
  volume={201},
  number={1},
  pages={1--88},
  year={2012},
  publisher={Springer}
}
@article{liger2005physics,
  title={The physics and chemistry behind the bubbling properties of champagne and sparkling wines: a state-of-the-art review},
  author={Liger-Belair, G.},
  journal=jafc,
  volume={53},
  number={8},
  pages={2788--2802},
  year={2005},
  publisher={ACS Publications}
}
@misc{deserno2004notes,
	title={Notes on differential geometry},
	author={Deserno, Markus},
	howpublished={\url{https://www.cmu.edu/biolphys/deserno/pdf/diff_geom.pdf} (Last accessed: March 31, 2021)},
	year={2004},
}

@article{vola2003laminar,
	title={Laminar unsteady flows of Bingham fluids: a numerical strategy and some benchmark results},
	author={Vola, D and Boscardin, L and Latch{\'e}, JC},
	journal=jcp,
	volume={187},
	number={2},
	pages={441--456},
	year={2003},
	publisher={Elsevier}
}

@misc{basiliskAugumentedLagrangian,
	title={Lid-driven cavity of a Bingham fluid at Re=0},
	author={Popinet, S.},
	howpublished={\url{http://basilisk.fr/sandbox/popinet/lid-bingham.c} (Last accessed: March 31, 2021)},
	year={2016},
}

@book{landau2013course,
	title={Fluid Mechanics -- Volume 6: Course of Theoretical Physics},
	author={Landau, Lev Davidovich and Lifshitz, Evgenii Mikhailovich},
	edition = {2},
	year={1987},
	publisher={Elsevier}
}
@article{hewitt2018viscoplastic,
	title={Viscoplastic slender-body theory},
	author={Hewitt, D. R. and Balmforth, N. J.},
	journal=jfm,
	volume={856},
	pages={870--897},
	year={2018},
	publisher={Cambridge University Press}
}
@article{saramito2017progress,
	title={Progress in numerical simulation of yield stress fluid flows},
	author={Saramito, Pierre and Wachs, Anthony},
	journal=RheoActa,
	volume={56},
	number={3},
	pages={211--230},
	year={2017},
	publisher={Springer}
}
@article{frigaard2005usage,
	title={On the usage of viscosity regularisation methods for visco-plastic fluid flow computation},
	author={Frigaard, I. A. and Nouar, C.},
	journal=jnnf,
	volume={127},
	number={1},
	pages={1--26},
	year={2005},
	publisher={Elsevier}
}

%% End of file `BurstingBubble.bib'.
